@article{donaldson2017automated,
  title={Automated testing of graphics shader compilers},
  author={Donaldson, Alastair F and Evrard, Hugues and Lascu, Andrei and Thomson, Paul},
  journal={Proceedings of the ACM on Programming Languages},
  volume={1},
  number={OOPSLA},
  pages={1--29},
  year={2017},
  publisher={ACM New York, NY, USA}
}

@inproceedings{beyer2004generating,
  title={Generating tests from counterexamples},
  author={Beyer, Dirk and Chlipala, Adam J and Henzinger, Thomas A and Jhala, Ranjit and Majumdar, Rupak},
  booktitle={Proceedings. 26th International Conference on Software Engineering},
  pages={326--335},
  year={2004},
  organization={IEEE}
}

@article{fink1997property,
  title={Property-based testing: a new approach to testing for assurance},
  author={Fink, George and Bishop, Matt},
  journal={ACM SIGSOFT Software Engineering Notes},
  volume={22},
  number={4},
  pages={74--80},
  year={1997},
  publisher={ACM New York, NY, USA}
}

@inproceedings{claessen2000quickcheck,
  title={QuickCheck: a lightweight tool for random testing of Haskell programs},
  author={Claessen, Koen and Hughes, John},
  booktitle={Proceedings of the fifth ACM SIGPLAN international conference on Functional programming},
  pages={268--279},
  year={2000}
}

@inproceedings{bounimova2013billions,
  title={Billions and billions of constraints: Whitebox fuzz testing in production},
  author={Bounimova, Ella and Godefroid, Patrice and Molnar, David},
  booktitle={2013 35th International Conference on Software Engineering (ICSE)},
  pages={122--131},
  year={2013},
  organization={IEEE}
}

@article{lampropoulos2019coverage,
  title={Coverage guided, property based testing},
  author={Lampropoulos, Leonidas and Hicks, Michael and Pierce, Benjamin C},
  journal={Proceedings of the ACM on Programming Languages},
  volume={3},
  number={OOPSLA},
  pages={1--29},
  year={2019},
  publisher={ACM New York, NY, USA}
}

@inproceedings{cadar2008klee,
  title={Klee: unassisted and automatic generation of high-coverage tests for complex systems programs.},
  author={Cadar, Cristian and Dunbar, Daniel and Engler, Dawson R and others},
  booktitle={OSDI},
  volume={8},
  pages={209--224},
  year={2008}
}

@article{parnas1985defense,
author = {Parnas, David Lorge},
title = {Software Aspects of Strategic Defense Systems},
year = {1985},
issue_date = {Dec. 1985},
publisher = {Association for Computing Machinery},
address = {New York, NY, USA},
volume = {28},
number = {12},
issn = {0001-0782},
url = {https://doi.org/10.1145/214956.214961},
doi = {10.1145/214956.214961},
abstract = {A former member of the SDIO Panel on Computing in Support of Battle Management explains why he believes the “Star Wars” effort will not achieve its stated goals.},
journal = {Commun. ACM},
month = {dec},
pages = {1326–1335},
numpages = {10}
}

@article{kiam2019cakeml, 
title={The verified CakeML compiler backend}, volume={29}, DOI={10.1017/S0956796818000229}, journal={Journal of Functional Programming}, publisher={Cambridge University Press}, author={Kiam Tan, Yong and Myreen, Magnus O. and Kumar, Ramana and Fox, Anthony and Owens, Scott and Norrish, Michael}, year={2019}, pages={e2}}

@book{hardin2010design,
  title={Design and Verification of Microprocessor Systems for High-Assurance Applications},
  author={Hardin, David S},
  year={2010},
  publisher={Springer}
}

 @misc{gates_2023, title={After Alaska Airlines planes bump runway while taking off from Seattle, a scramble to 'pull the plug'}, url={https://www.adn.com/alaska-news/aviation/2023/02/20/after-alaska-airlines-planes-bump-runway-a-scramble-to-pull-the-plug/}, journal={Anchorage Daily News}, publisher={Anchorage Daily News}, author={Gates, Dominic}, year={2023}, month={Feb}} 

 @inproceedings{henzinger2002lazy,
  title={Lazy abstraction},
  author={Henzinger, Thomas A and Jhala, Ranjit and Majumdar, Rupak and Sutre, Gregoire},
  booktitle={Proceedings of the 29th ACM SIGPLAN-SIGACT symposium on Principles of programming languages},
  pages={58--70},
  year={2002}
}
